<?xml version='1.0' encoding='UTF-8'?>
<Document xmlns:xsi="http://www.w3.org/2001/XMLSchema-instance"
  xmlns:xsd="http://www.w3.org/2001/XMLSchema"
  xmlns="urn:iso:std:iso:20022:tech:xsd:camt.053.001.02"
  xsi:schemaLocation="urn:iso:std:iso:20022:tech:xsd:camt.053.001.02 camt.053.001.02.xsd">
  <BkToCstmrStmt>
    <GrpHdr>
      <MsgId>202003020000000_20200302192652765</MsgId>
      <CreDtTm>2020-03-02T19:26:52.765+01:00</CreDtTm>
    </GrpHdr>
    <Stmt>
      <Id>202003021926529080000001</Id>
      <CreDtTm>2020-03-02T19:26:52.908+01:00</CreDtTm>
      <FrToDt>
        <FrDtTm>2020-02-01T00:00:00</FrDtTm>
        <ToDtTm>2020-03-01T23:59:59</ToDtTm>
      </FrToDt>
      <Acct>
        <Id>
          <IBAN>NL97INGB0004160835</IBAN>
        </Id>
        <Tp>
          <Cd>CACC</Cd>
        </Tp>
        <Ccy>EUR</Ccy>
        <Svcr>
          <FinInstnId>
            <BIC>INGBNL2A</BIC>
          </FinInstnId>
        </Svcr>
      </Acct>
      <Bal>
        <Tp>
          <CdOrPrtry>
            <Cd>PRCD</Cd>
          </CdOrPrtry>
        </Tp>
        <Amt Ccy="EUR">408.24</Amt>
        <CdtDbtInd>CRDT</CdtDbtInd>
        <Dt>
          <Dt>2020-01-31</Dt>
        </Dt>
      </Bal>
      <Bal>
        <Tp>
          <CdOrPrtry>
            <Cd>OPBD</Cd>
          </CdOrPrtry>
        </Tp>
        <Amt Ccy="EUR">408.24</Amt>
        <CdtDbtInd>CRDT</CdtDbtInd>
        <Dt>
          <Dt>2020-02-01</Dt>
        </Dt>
      </Bal>
      <Bal>
        <Tp>
          <CdOrPrtry>
            <Cd>CLBD</Cd>
          </CdOrPrtry>
        </Tp>
        <Amt Ccy="EUR">1274.21</Amt>
        <CdtDbtInd>CRDT</CdtDbtInd>
        <Dt>
          <Dt>2020-03-01</Dt>
        </Dt>
      </Bal>
      <Bal>
        <Tp>
          <CdOrPrtry>
            <Cd>CLAV</Cd>
          </CdOrPrtry>
        </Tp>
        <Amt Ccy="EUR">1274.21</Amt>
        <CdtDbtInd>CRDT</CdtDbtInd>
        <Dt>
          <Dt>2020-03-01</Dt>
        </Dt>
      </Bal>
      <Bal>
        <Tp>
          <CdOrPrtry>
            <Cd>FWAV</Cd>
          </CdOrPrtry>
        </Tp>
        <Amt Ccy="EUR">1274.21</Amt>
        <CdtDbtInd>CRDT</CdtDbtInd>
        <Dt>
          <Dt>2020-03-02</Dt>
        </Dt>
      </Bal>
      <Bal>
        <Tp>
          <CdOrPrtry>
            <Cd>FWAV</Cd>
          </CdOrPrtry>
        </Tp>
        <Amt Ccy="EUR">1274.21</Amt>
        <CdtDbtInd>CRDT</CdtDbtInd>
        <Dt>
          <Dt>2020-03-03</Dt>
        </Dt>
      </Bal>
      <TxsSummry>
        <TtlNtries>
          <NbOfNtries>32</NbOfNtries>
          <Sum>36130.99</Sum>
        </TtlNtries>
        <TtlCdtNtries>
          <NbOfNtries>1</NbOfNtries>
          <Sum>30.00</Sum>
        </TtlCdtNtries>
        <TtlDbtNtries>
          <NbOfNtries>0</NbOfNtries>
          <Sum>0.00</Sum>
        </TtlDbtNtries>
      </TxsSummry>
      <Ntry>
        <NtryRef>032020034543595411000000002</NtryRef>
        <Amt Ccy="EUR">30.00</Amt>
        <CdtDbtInd>CRDT</CdtDbtInd>
        <Sts>BOOK</Sts>
        <BookgDt>
          <Dt>2020-02-03</Dt>
        </BookgDt>
        <ValDt>
          <Dt>2020-02-03</Dt>
        </ValDt>
        <AcctSvcrRef>CSP93NYUL8LMPBI4YVX9LPXBPSL2</AcctSvcrRef>
        <BkTxCd>
          <Domn>
            <Cd>PMNT</Cd>
            <Fmly>
              <Cd>RCDT</Cd>
              <SubFmlyCd>ESCT</SubFmlyCd>
            </Fmly>
          </Domn>
          <Prtry>
            <Cd>00100</Cd>
            <Issr>ING Group</Issr>
          </Prtry>
        </BkTxCd>
        <NtryDtls>
          <TxDtls>
            <Refs>
              <EndToEndId>TESTING/NL/20200201/36864812</EndToEndId>
            </Refs>
            <RltdPties>
              <Dbtr>
                <Nm>N. Test1</Nm>
                <PstlAdr>
                  <Ctry>NL</Ctry>
                  <AdrLine>Straat 10</AdrLine>
                  <AdrLine>1234AA PLAATS</AdrLine>
                </PstlAdr>
              </Dbtr>
              <DbtrAcct>
                <Id>
                  <IBAN>GB33BUKB20201555555555</IBAN>
                </Id>
                <Tp>
                  <Prtry>General</Prtry>
                </Tp>
                <Ccy>EUR</Ccy>
              </DbtrAcct>
            </RltdPties>
            <RltdAgts>
              <DbtrAgt>
                <FinInstnId>
                  <BIC>TRIONL2U</BIC>
                </FinInstnId>
              </DbtrAgt>
            </RltdAgts>
            <RmtInf>
              <Ustrd>CCNL contributie lidnummer xxxx</Ustrd>
            </RmtInf>
            <RltdDts>
              <TxDtTm>2020-02-03T09:37:00</TxDtTm>
            </RltdDts>
          </TxDtls>
        </NtryDtls>
      </Ntry>
      <Ntry>
        <NtryRef>032020034543595411000000002</NtryRef>
        <Amt Ccy="EUR">30.00</Amt>
        <CdtDbtInd>CRDT</CdtDbtInd>
        <Sts>BOOK</Sts>
        <BookgDt>
          <Dt>2020-02-03</Dt>
        </BookgDt>
        <ValDt>
          <Dt>2020-02-03</Dt>
        </ValDt>
        <AcctSvcrRef>CSP93NYUL8LMPBI4YVX9LPXBPSL2</AcctSvcrRef>
        <BkTxCd>
          <Domn>
            <Cd>PMNT</Cd>
            <Fmly>
              <Cd>RCDT</Cd>
              <SubFmlyCd>ESCT</SubFmlyCd>
            </Fmly>
          </Domn>
          <Prtry>
            <Cd>00100</Cd>
            <Issr>ING Group</Issr>
          </Prtry>
        </BkTxCd>
        <NtryDtls>
          <TxDtls>
            <Refs>
              <EndToEndId>TESTING/NL/20200201/36864812</EndToEndId>
            </Refs>
            <RltdPties>
              <Dbtr>
                <Nm>N. Test2</Nm>
              </Dbtr>
              <DbtrAcct>
                <Id>
                  <IBAN>GB33BUKB20201555555555</IBAN>
                </Id>
                <Tp>
                  <Prtry>General</Prtry>
                </Tp>
                <Ccy>EUR</Ccy>
              </DbtrAcct>
            </RltdPties>
            <RltdAgts>
              <DbtrAgt>
                <FinInstnId>
                  <BIC>TRIONL2U</BIC>
                </FinInstnId>
              </DbtrAgt>
            </RltdAgts>
            <RmtInf>
              <Ustrd>cebeq  hcvuqo; hvq jvv</Ustrd>
            </RmtInf>
            <RltdDts>
              <TxDtTm>2020-02-03T09:37:00</TxDtTm>
            </RltdDts>
          </TxDtls>
        </NtryDtls>
      </Ntry>
    </Stmt>
  </BkToCstmrStmt>
</Document>