<?xml version='1.0' encoding='UTF-8'?><Document xmlns:xsi="http://www.w3.org/2001/XMLSchema-instance" xmlns:xsd="http://www.w3.org/2001/XMLSchema" xmlns="urn:iso:std:iso:20022:tech:xsd:camt.053.001.02" xsi:schemaLocation="urn:iso:std:iso:20022:tech:xsd:camt.053.001.02 camt.053.001.02.xsd"><BkToCstmrStmt><GrpHdr><MsgId>202003020000000_20200302192652765</MsgId><CreDtTm>2020-03-02T19:26:52.765+01:00</CreDtTm></GrpHdr><Stmt><Id>202003021926529080000001</Id><CreDtTm>2020-03-02T19:26:52.908+01:00</CreDtTm><FrToDt><FrDtTm>2020-02-01T00:00:00</FrDtTm><ToDtTm>2020-03-01T23:59:59</ToDtTm></FrToDt><Acct><Id><IBAN>NL97INGB0004160835</IBAN></Id><Tp><Cd>CACC</Cd></Tp><Ccy>EUR</Ccy><Svcr><FinInstnId><BIC>INGBNL2A</BIC></FinInstnId></Svcr></Acct><Bal><Tp><CdOrPrtry><Cd>PRCD</Cd></CdOrPrtry></Tp><Amt Ccy="EUR">408.24</Amt><CdtDbtInd>CRDT</CdtDbtInd><Dt><Dt>2020-01-31</Dt></Dt></Bal><Bal><Tp><CdOrPrtry><Cd>OPBD</Cd></CdOrPrtry></Tp><Amt Ccy="EUR">408.24</Amt><CdtDbtInd>CRDT</CdtDbtInd><Dt><Dt>2020-02-01</Dt></Dt></Bal><Bal><Tp><CdOrPrtry><Cd>CLBD</Cd></CdOrPrtry></Tp><Amt Ccy="EUR">1274.21</Amt><CdtDbtInd>CRDT</CdtDbtInd><Dt><Dt>2020-03-01</Dt></Dt></Bal><Bal><Tp><CdOrPrtry><Cd>CLAV</Cd></CdOrPrtry></Tp><Amt Ccy="EUR">1274.21</Amt><CdtDbtInd>CRDT</CdtDbtInd><Dt><Dt>2020-03-01</Dt></Dt></Bal><Bal><Tp><CdOrPrtry><Cd>FWAV</Cd></CdOrPrtry></Tp><Amt Ccy="EUR">1274.21</Amt><CdtDbtInd>CRDT</CdtDbtInd><Dt><Dt>2020-03-02</Dt></Dt></Bal><Bal><Tp><CdOrPrtry><Cd>FWAV</Cd></CdOrPrtry></Tp><Amt Ccy="EUR">1274.21</Amt><CdtDbtInd>CRDT</CdtDbtInd><Dt><Dt>2020-03-03</Dt></Dt></Bal><TxsSummry><TtlNtries><NbOfNtries>32</NbOfNtries><Sum>36130.99</Sum></TtlNtries><TtlCdtNtries><NbOfNtries>12</NbOfNtries><Sum>18498.48</Sum></TtlCdtNtries><TtlDbtNtries><NbOfNtries>20</NbOfNtries><Sum>17632.51</Sum></TtlDbtNtries></TxsSummry><Ntry><NtryRef>032020034543595411000000002</NtryRef><Amt Ccy="EUR">30.00</Amt><CdtDbtInd>CRDT</CdtDbtInd><Sts>BOOK</Sts><BookgDt><Dt>2020-02-03</Dt></BookgDt><ValDt><Dt>2020-02-03</Dt></ValDt><AcctSvcrRef>CSP93NYUL8LMPBI4YVX9LPXBPSL2</AcctSvcrRef><BkTxCd><Domn><Cd>PMNT</Cd><Fmly><Cd>RCDT</Cd><SubFmlyCd>ESCT</SubFmlyCd></Fmly></Domn><Prtry><Cd>00100</Cd><Issr>ING Group</Issr></Prtry></BkTxCd><NtryDtls><TxDtls><Refs><EndToEndId>TRIODOS/NL/20200201/36864812</EndToEndId></Refs><RltdPties><Dbtr><Nm>N. Beune</Nm></Dbtr><DbtrAcct><Id><IBAN>NL06TRIO0786845694</IBAN></Id><Tp><Prtry>General</Prtry></Tp><Ccy>EUR</Ccy></DbtrAcct></RltdPties><RltdAgts><DbtrAgt><FinInstnId><BIC>TRIONL2U</BIC></FinInstnId></DbtrAgt></RltdAgts><RmtInf><Ustrd>CCNL contributie lidnummer 1507</Ustrd></RmtInf><RltdDts><TxDtTm>2020-02-03T09:37:00</TxDtTm></RltdDts></TxDtls></NtryDtls></Ntry><Ntry><NtryRef>032020034478027544000000001</NtryRef><Amt Ccy="EUR">20.00</Amt><CdtDbtInd>DBIT</CdtDbtInd><Sts>BOOK</Sts><BookgDt><Dt>2020-02-03</Dt></BookgDt><ValDt><Dt>2020-02-03</Dt></ValDt><AcctSvcrRef>51258621cf9d4e4da7274265736b116a</AcctSvcrRef><BkTxCd><Domn><Cd>PMNT</Cd><Fmly><Cd>IRCT</Cd><SubFmlyCd>ESCT</SubFmlyCd></Fmly></Domn><Prtry><Cd>00112</Cd><Issr>ING Group</Issr></Prtry></BkTxCd><NtryDtls><TxDtls><RltdPties><Cdtr><Nm>jaco schouten</Nm></Cdtr><CdtrAcct><Id><IBAN>NL90RABO0375362827</IBAN></Id><Tp><Prtry>General</Prtry></Tp><Ccy>EUR</Ccy></CdtrAcct></RltdPties><RltdAgts><CdtrAgt><FinInstnId><BIC>RABONL2U</BIC></FinInstnId></CdtrAgt></RltdAgts><RmtInf><Ustrd>declaratie toetsenbord</Ustrd></RmtInf><RltdDts><TxDtTm>2020-02-03T22:17:54.778+01:00</TxDtTm></RltdDts></TxDtls></NtryDtls></Ntry><Ntry><NtryRef>032020035595801145000000002</NtryRef><Amt Ccy="EUR">0.98</Amt><CdtDbtInd>CRDT</CdtDbtInd><Sts>BOOK</Sts><BookgDt><Dt>2020-02-04</Dt></BookgDt><ValDt><Dt>2020-02-04</Dt></ValDt><AcctSvcrRef>ICFSCT200204113407TDE1NL20393520431</AcctSvcrRef><BkTxCd><Domn><Cd>PMNT</Cd><Fmly><Cd>RCDT</Cd><SubFmlyCd>ESCT</SubFmlyCd></Fmly></Domn><Prtry><Cd>00100</Cd><Issr>ING Group</Issr></Prtry></BkTxCd><NtryDtls><TxDtls><Refs><EndToEndId>181604722</EndToEndId></Refs><RltdPties><Dbtr><Nm>SumUp Payments Limited</Nm></Dbtr><DbtrAcct><Id><IBAN>DE62100700000733963300</IBAN></Id><Tp><Prtry>General</Prtry></Tp><Ccy>EUR</Ccy></DbtrAcct></RltdPties><RltdAgts><DbtrAgt><FinInstnId><BIC>DEUTDEBBXXX</BIC></FinInstnId></DbtrAgt></RltdAgts><RmtInf><Ustrd>SUMUP PID58218 PAYOUT 040220</Ustrd></RmtInf><RltdDts><TxDtTm>2020-02-04T15:46:03</TxDtTm></RltdDts></TxDtls></NtryDtls></Ntry><Ntry><NtryRef>032020041710997413000000001</NtryRef><Amt Ccy="EUR">7.50</Amt><CdtDbtInd>DBIT</CdtDbtInd><Sts>BOOK</Sts><BookgDt><Dt>2020-02-10</Dt></BookgDt><ValDt><Dt>2020-02-10</Dt></ValDt><AcctSvcrRef>DOMREC12359230SEQ000918DAT20200207</AcctSvcrRef><BkTxCd><Domn><Cd>PMNT</Cd><Fmly><Cd>RDDT</Cd><SubFmlyCd>ESDD</SubFmlyCd></Fmly></Domn><Prtry><Cd>01018</Cd><Issr>ING Group</Issr></Prtry></BkTxCd><NtryDtls><TxDtls><Refs><EndToEndId>F2001282077-20200207093753</EndToEndId><MndtId>s000191067201609266909</MndtId></Refs><RltdPties><Cdtr><Nm>SIMPEL NL BV</Nm><Id><OrgId><Othr><Id>NL15ZZZ603163060001</Id><SchmeNm><Cd>SEPA</Cd></SchmeNm></Othr></OrgId></Id></Cdtr><CdtrAcct><Id><IBAN>NL38ABNA0566198479</IBAN></Id><Tp><Prtry>General</Prtry></Tp><Ccy>EUR</Ccy></CdtrAcct></RltdPties><RltdAgts><CdtrAgt><FinInstnId><BIC>ABNANL2A</BIC></FinInstnId></CdtrAgt></RltdAgts><RmtInf><Ustrd>Simpel factuur F2001282077 voor 0653782907 Zie mijn.simpel.nl of de app voor de specificatie</Ustrd></RmtInf><RltdDts><TxDtTm>2020-02-10T02:22:45</TxDtTm></RltdDts></TxDtls></NtryDtls></Ntry><Ntry><NtryRef>032020043600533110000000001</NtryRef><Amt Ccy="EUR">72.45</Amt><CdtDbtInd>DBIT</CdtDbtInd><Sts>BOOK</Sts><BookgDt><Dt>2020-02-12</Dt></BookgDt><ValDt><Dt>2020-02-12</Dt></ValDt><AcctSvcrRef>DOMREC12369342SEQ001025DAT20200211</AcctSvcrRef><BkTxCd><Domn><Cd>PMNT</Cd><Fmly><Cd>RDDT</Cd><SubFmlyCd>ESDD</SubFmlyCd></Fmly></Domn><Prtry><Cd>01017</Cd><Issr>ING Group</Issr></Prtry></BkTxCd><NtryDtls><TxDtls><Refs><EndToEndId>NR: 877124 B7 200204</EndToEndId><MndtId>877124-200204</MndtId></Refs><RltdPties><Cdtr><Nm>Hosting 2 Go</Nm><Id><OrgId><Othr><Id>NL05ZZZ201215200000</Id><SchmeNm><Cd>SEPA</Cd></SchmeNm></Othr></OrgId></Id></Cdtr><CdtrAcct><Id><IBAN>NL86RABO0114395942</IBAN></Id><Tp><Prtry>General</Prtry></Tp><Ccy>EUR</Ccy></CdtrAcct></RltdPties><RltdAgts><CdtrAgt><FinInstnId><BIC>RABONL2U</BIC></FinInstnId></CdtrAgt></RltdAgts><RmtInf><Ustrd>KLANTNR-877124-B7 93D9DFF2 JAARLIJKS WEBHOSTING CCNL.NL</Ustrd></RmtInf><RltdDts><TxDtTm>2020-02-12T00:59:28</TxDtTm></RltdDts></TxDtls></NtryDtls></Ntry><Ntry><NtryRef>032020043156240976000000002</NtryRef><Amt Ccy="EUR">30.00</Amt><CdtDbtInd>CRDT</CdtDbtInd><Sts>BOOK</Sts><BookgDt><Dt>2020-02-12</Dt></BookgDt><ValDt><Dt>2020-02-12</Dt></ValDt><AcctSvcrRef>349d879a733439b8b47d4fd213092932</AcctSvcrRef><BkTxCd><Domn><Cd>PMNT</Cd><Fmly><Cd>RRCT</Cd><SubFmlyCd>ESCT</SubFmlyCd></Fmly></Domn><Prtry><Cd>00112</Cd><Issr>ING Group</Issr></Prtry></BkTxCd><NtryDtls><TxDtls><RltdPties><Dbtr><Nm>AM ROMEIN</Nm></Dbtr><DbtrAcct><Id><IBAN>NL56ABNA0423586815</IBAN></Id><Tp><Prtry>General</Prtry></Tp><Ccy>EUR</Ccy></DbtrAcct></RltdPties><RltdAgts><DbtrAgt><FinInstnId><BIC>ABNANL2A</BIC></FinInstnId></DbtrAgt></RltdAgts><RmtInf><Ustrd>Lidmaatschap 2020/2021</Ustrd></RmtInf><RltdDts><TxDtTm>2020-02-12T17:20:08.286+01:00</TxDtTm></RltdDts></TxDtls></NtryDtls></Ntry><Ntry><NtryRef>032020044361057241000000001</NtryRef><Amt Ccy="EUR">265.60</Amt><CdtDbtInd>DBIT</CdtDbtInd><Sts>BOOK</Sts><BookgDt><Dt>2020-02-13</Dt></BookgDt><ValDt><Dt>2020-02-13</Dt></ValDt><AcctSvcrRef>DOMREC12377395SEQ000331DAT20200211</AcctSvcrRef><BkTxCd><Domn><Cd>PMNT</Cd><Fmly><Cd>RDDT</Cd><SubFmlyCd>ESDD</SubFmlyCd></Fmly></Domn><Prtry><Cd>01018</Cd><Issr>ING Group</Issr></Prtry></BkTxCd><NtryDtls><TxDtls><Refs><EndToEndId>125388</EndToEndId><MndtId>381762</MndtId></Refs><RltdPties><Cdtr><Nm>Koninklijke PostNL B.V.</Nm><Id><OrgId><Othr><Id>NL96ZZZ273620000000</Id><SchmeNm><Cd>SEPA</Cd></SchmeNm></Othr></OrgId></Id></Cdtr><CdtrAcct><Id><IBAN>NL40INGB0000000270</IBAN></Id><Tp><Prtry>General</Prtry></Tp><Ccy>EUR</Ccy></CdtrAcct></RltdPties><RltdAgts><CdtrAgt><FinInstnId><BIC>INGBNL2A</BIC></FinInstnId></CdtrAgt></RltdAgts><RmtInf><Ustrd>1061-1940547 1061-1940547</Ustrd></RmtInf><RltdDts><TxDtTm>2020-02-13T02:31:43</TxDtTm></RltdDts></TxDtls></NtryDtls></Ntry><Ntry><NtryRef>032020045690637330000000002</NtryRef><Amt Ccy="EUR">17710.00</Amt><CdtDbtInd>CRDT</CdtDbtInd><Sts>BOOK</Sts><BookgDt><Dt>2020-02-14</Dt></BookgDt><ValDt><Dt>2020-02-14</Dt></ValDt><AcctSvcrRef>4d247f6fd8e733feb0f32014dca0f6d0</AcctSvcrRef><BkTxCd><Domn><Cd>PMNT</Cd><Fmly><Cd>IDDT</Cd><SubFmlyCd>ESDD</SubFmlyCd></Fmly></Domn><Prtry><Cd>01010</Cd><Issr>ING Group</Issr></Prtry></BkTxCd><NtryDtls><Btch><PmtInfId>CCNL-lidmaatschap-2020-2021</PmtInfId><NbOfTxs>644</NbOfTxs></Btch></NtryDtls></Ntry><Ntry><NtryRef>032020045361416053000000001</NtryRef><Amt Ccy="EUR">27.50</Amt><CdtDbtInd>DBIT</CdtDbtInd><RvslInd>true</RvslInd><Sts>BOOK</Sts><BookgDt><Dt>2020-02-14</Dt></BookgDt><ValDt><Dt>2020-02-14</Dt></ValDt><AcctSvcrRef>3101263250970</AcctSvcrRef><BkTxCd><Domn><Cd>PMNT</Cd><Fmly><Cd>IDDT</Cd><SubFmlyCd>UPDD</SubFmlyCd></Fmly></Domn><Prtry><Cd>01115</Cd><Issr>ING Group</Issr></Prtry></BkTxCd><NtryDtls><TxDtls><Refs><PmtInfId>CCNL-lidmaatschap-2020-2021</PmtInfId><EndToEndId>lid 2410</EndToEndId><MndtId>JAARLIJKS-CCNL-2410</MndtId></Refs><RltdPties><Cdtr><Nm>P.H. Schlimme</Nm><Id><OrgId><Othr><Id>NL65ZZZ403419230000</Id><SchmeNm><Cd>SEPA</Cd></SchmeNm></Othr></OrgId></Id></Cdtr><CdtrAcct><Id><IBAN>NL96INGB0005778716</IBAN></Id><Tp><Prtry>General</Prtry></Tp><Ccy>EUR</Ccy></CdtrAcct></RltdPties><RltdAgts><CdtrAgt><FinInstnId><BIC>INGBNL2A</BIC></FinInstnId></CdtrAgt></RltdAgts><RmtInf><Ustrd>lidmaatschap 2020-2021</Ustrd></RmtInf><RltdDts><TxDtTm>2020-02-14T03:31:59</TxDtTm></RltdDts><RtrInf><Rsn><Cd>SL01</Cd></Rsn></RtrInf></TxDtls></NtryDtls></Ntry><Ntry><NtryRef>032020045341416347000000001</NtryRef><Amt Ccy="EUR">27.50</Amt><CdtDbtInd>DBIT</CdtDbtInd><RvslInd>true</RvslInd><Sts>BOOK</Sts><BookgDt><Dt>2020-02-14</Dt></BookgDt><ValDt><Dt>2020-02-14</Dt></ValDt><AcctSvcrRef>3101263250969</AcctSvcrRef><BkTxCd><Domn><Cd>PMNT</Cd><Fmly><Cd>IDDT</Cd><SubFmlyCd>UPDD</SubFmlyCd></Fmly></Domn><Prtry><Cd>01115</Cd><Issr>ING Group</Issr></Prtry></BkTxCd><NtryDtls><TxDtls><Refs><PmtInfId>CCNL-lidmaatschap-2020-2021</PmtInfId><EndToEndId>lid 1901</EndToEndId><MndtId>JAARLIJKS-CCNL-1901</MndtId></Refs><RltdPties><Cdtr><Nm>Gert Hoek</Nm><Id><OrgId><Othr><Id>NL65ZZZ403419230000</Id><SchmeNm><Cd>SEPA</Cd></SchmeNm></Othr></OrgId></Id></Cdtr><CdtrAcct><Id><IBAN>NL11RABO0335684653</IBAN></Id><Tp><Prtry>General</Prtry></Tp><Ccy>EUR</Ccy></CdtrAcct></RltdPties><RltdAgts><CdtrAgt><FinInstnId><BIC>RABONL2U</BIC></FinInstnId></CdtrAgt></RltdAgts><RmtInf><Ustrd>lidmaatschap 2020-2021</Ustrd></RmtInf><RltdDts><TxDtTm>2020-02-14T03:32:11</TxDtTm></RltdDts><RtrInf><Rsn><Cd>AC06</Cd></Rsn></RtrInf></TxDtls></NtryDtls></Ntry><Ntry><NtryRef>032020045333136578000000002</NtryRef><Amt Ccy="EUR">30.00</Amt><CdtDbtInd>CRDT</CdtDbtInd><Sts>BOOK</Sts><BookgDt><Dt>2020-02-14</Dt></BookgDt><ValDt><Dt>2020-02-14</Dt></ValDt><AcctSvcrRef>CSP47S81IO8J15M5SQWNZ0L8PR83</AcctSvcrRef><BkTxCd><Domn><Cd>PMNT</Cd><Fmly><Cd>RCDT</Cd><SubFmlyCd>ESCT</SubFmlyCd></Fmly></Domn><Prtry><Cd>00100</Cd><Issr>ING Group</Issr></Prtry></BkTxCd><NtryDtls><TxDtls><RltdPties><Dbtr><Nm>G.J.M. Rombouts eo</Nm></Dbtr><DbtrAcct><Id><IBAN>NL61RABO0106325701</IBAN></Id><Tp><Prtry>General</Prtry></Tp><Ccy>EUR</Ccy></DbtrAcct></RltdPties><RltdAgts><DbtrAgt><FinInstnId><BIC>RABONL2U</BIC></FinInstnId></DbtrAgt></RltdAgts><RmtInf><Ustrd>Lidmaatschap A.P.W. Rouwen 3408</Ustrd></RmtInf><RltdDts><TxDtTm>2020-02-14T08:23:15</TxDtTm></RltdDts></TxDtls></NtryDtls></Ntry><Ntry><NtryRef>032020045203442125000000002</NtryRef><Amt Ccy="EUR">300.00</Amt><CdtDbtInd>CRDT</CdtDbtInd><Sts>BOOK</Sts><BookgDt><Dt>2020-02-14</Dt></BookgDt><ValDt><Dt>2020-02-14</Dt></ValDt><AcctSvcrRef>c04c4a55da853e068e799477d26a0499</AcctSvcrRef><BkTxCd><Domn><Cd>PMNT</Cd><Fmly><Cd>RRCT</Cd><SubFmlyCd>ESCT</SubFmlyCd></Fmly></Domn><Prtry><Cd>00112</Cd><Issr>ING Group</Issr></Prtry></BkTxCd><NtryDtls><TxDtls><RltdPties><Dbtr><Nm>Sander Aalderink</Nm></Dbtr><DbtrAcct><Id><IBAN>NL21RABO0126257981</IBAN></Id><Tp><Prtry>General</Prtry></Tp><Ccy>EUR</Ccy></DbtrAcct></RltdPties><RltdAgts><DbtrAgt><FinInstnId><BIC>RABONL2U</BIC></FinInstnId></DbtrAgt></RltdAgts><RmtInf><Ustrd>Fact nr 2019-004</Ustrd></RmtInf><RltdDts><TxDtTm>2020-02-14T09:33:40.681+01:00</TxDtTm></RltdDts></TxDtls></NtryDtls></Ntry><Ntry><NtryRef>032020045646006759000000001</NtryRef><Amt Ccy="EUR">27.50</Amt><CdtDbtInd>DBIT</CdtDbtInd><RvslInd>true</RvslInd><Sts>BOOK</Sts><BookgDt><Dt>2020-02-14</Dt></BookgDt><ValDt><Dt>2020-02-14</Dt></ValDt><AcctSvcrRef>3101463344557</AcctSvcrRef><BkTxCd><Domn><Cd>PMNT</Cd><Fmly><Cd>IDDT</Cd><SubFmlyCd>UPDD</SubFmlyCd></Fmly></Domn><Prtry><Cd>01315</Cd><Issr>ING Group</Issr></Prtry></BkTxCd><NtryDtls><TxDtls><Refs><PmtInfId>CCNL-lidmaatschap-2020-2021</PmtInfId><EndToEndId>lid 2300</EndToEndId><MndtId>JAARLIJKS-CCNL-2300</MndtId></Refs><RltdPties><Cdtr><Nm>Y.M. van Velze</Nm><Id><OrgId><Othr><Id>NL65ZZZ403419230000</Id><SchmeNm><Cd>SEPA</Cd></SchmeNm></Othr></OrgId></Id></Cdtr><CdtrAcct><Id><IBAN>NL85INGB0004043681</IBAN></Id><Tp><Prtry>General</Prtry></Tp><Ccy>EUR</Ccy></CdtrAcct></RltdPties><RltdAgts><CdtrAgt><FinInstnId><BIC>INGBNL2A</BIC></FinInstnId></CdtrAgt></RltdAgts><RmtInf><Ustrd>lidmaatschap 2020-2021</Ustrd></RmtInf><RltdDts><TxDtTm>2020-02-14T16:18:24</TxDtTm></RltdDts><RtrInf><Rsn><Cd>MD06</Cd></Rsn></RtrInf></TxDtls></NtryDtls></Ntry><Ntry><NtryRef>032020048583582023000000001</NtryRef><Amt Ccy="EUR">27.50</Amt><CdtDbtInd>DBIT</CdtDbtInd><RvslInd>true</RvslInd><Sts>BOOK</Sts><BookgDt><Dt>2020-02-17</Dt></BookgDt><ValDt><Dt>2020-02-14</Dt></ValDt><AcctSvcrRef>3101763375099</AcctSvcrRef><BkTxCd><Domn><Cd>PMNT</Cd><Fmly><Cd>IDDT</Cd><SubFmlyCd>UPDD</SubFmlyCd></Fmly></Domn><Prtry><Cd>01315</Cd><Issr>ING Group</Issr></Prtry></BkTxCd><NtryDtls><TxDtls><Refs><PmtInfId>CCNL-lidmaatschap-2020-2021</PmtInfId><EndToEndId>lid 815</EndToEndId><MndtId>JAARLIJKS-CCNL-815</MndtId></Refs><RltdPties><Cdtr><Nm>D.A.H. Hendriks</Nm><Id><OrgId><Othr><Id>NL65ZZZ403419230000</Id><SchmeNm><Cd>SEPA</Cd></SchmeNm></Othr></OrgId></Id></Cdtr><CdtrAcct><Id><IBAN>NL08RABO0172414113</IBAN></Id><Tp><Prtry>General</Prtry></Tp><Ccy>EUR</Ccy></CdtrAcct></RltdPties><RltdAgts><CdtrAgt><FinInstnId><BIC>RABONL2U</BIC></FinInstnId></CdtrAgt></RltdAgts><RmtInf><Ustrd>lidmaatschap 2020-2021</Ustrd></RmtInf><RltdDts><TxDtTm>2020-02-17T09:34:13</TxDtTm></RltdDts><RtrInf><Rsn><Cd>MD06</Cd></Rsn></RtrInf></TxDtls></NtryDtls></Ntry><Ntry><NtryRef>032020048583582005000000001</NtryRef><Amt Ccy="EUR">27.50</Amt><CdtDbtInd>DBIT</CdtDbtInd><RvslInd>true</RvslInd><Sts>BOOK</Sts><BookgDt><Dt>2020-02-17</Dt></BookgDt><ValDt><Dt>2020-02-14</Dt></ValDt><AcctSvcrRef>3101763375099</AcctSvcrRef><BkTxCd><Domn><Cd>PMNT</Cd><Fmly><Cd>IDDT</Cd><SubFmlyCd>UPDD</SubFmlyCd></Fmly></Domn><Prtry><Cd>01215</Cd><Issr>ING Group</Issr></Prtry></BkTxCd><NtryDtls><TxDtls><Refs><PmtInfId>CCNL-lidmaatschap-2020-2021</PmtInfId><EndToEndId>lid 1500</EndToEndId><MndtId>JAARLIJKS-CCNL-1500</MndtId></Refs><RltdPties><Cdtr><Nm>M.H.J Vonk</Nm><Id><OrgId><Othr><Id>NL65ZZZ403419230000</Id><SchmeNm><Cd>SEPA</Cd></SchmeNm></Othr></OrgId></Id></Cdtr><CdtrAcct><Id><IBAN>NL97RABO0362865221</IBAN></Id><Tp><Prtry>General</Prtry></Tp><Ccy>EUR</Ccy></CdtrAcct></RltdPties><RltdAgts><CdtrAgt><FinInstnId><BIC>RABONL2U</BIC></FinInstnId></CdtrAgt></RltdAgts><RmtInf><Ustrd>lidmaatschap 2020-2021</Ustrd></RmtInf><RltdDts><TxDtTm>2020-02-17T09:34:13</TxDtTm></RltdDts><RtrInf><Rsn><Cd>AC04</Cd></Rsn></RtrInf></TxDtls></NtryDtls></Ntry><Ntry><NtryRef>032020048583582058000000001</NtryRef><Amt Ccy="EUR">27.50</Amt><CdtDbtInd>DBIT</CdtDbtInd><RvslInd>true</RvslInd><Sts>BOOK</Sts><BookgDt><Dt>2020-02-17</Dt></BookgDt><ValDt><Dt>2020-02-14</Dt></ValDt><AcctSvcrRef>3101763375099</AcctSvcrRef><BkTxCd><Domn><Cd>PMNT</Cd><Fmly><Cd>IDDT</Cd><SubFmlyCd>UPDD</SubFmlyCd></Fmly></Domn><Prtry><Cd>01215</Cd><Issr>ING Group</Issr></Prtry></BkTxCd><NtryDtls><TxDtls><Refs><PmtInfId>CCNL-lidmaatschap-2020-2021</PmtInfId><EndToEndId>lid 3236</EndToEndId><MndtId>JAARLIJKS-CCNL-3236</MndtId></Refs><RltdPties><Cdtr><Nm>Harry van Ekert</Nm><Id><OrgId><Othr><Id>NL65ZZZ403419230000</Id><SchmeNm><Cd>SEPA</Cd></SchmeNm></Othr></OrgId></Id></Cdtr><CdtrAcct><Id><IBAN>NL18RABO0178005789</IBAN></Id><Tp><Prtry>General</Prtry></Tp><Ccy>EUR</Ccy></CdtrAcct></RltdPties><RltdAgts><CdtrAgt><FinInstnId><BIC>RABONL2U</BIC></FinInstnId></CdtrAgt></RltdAgts><RmtInf><Ustrd>lidmaatschap 2020-2021</Ustrd></RmtInf><RltdDts><TxDtTm>2020-02-17T09:34:13</TxDtTm></RltdDts><RtrInf><Rsn><Cd>AC04</Cd></Rsn></RtrInf></TxDtls></NtryDtls></Ntry><Ntry><NtryRef>032020048583582029000000001</NtryRef><Amt Ccy="EUR">27.50</Amt><CdtDbtInd>DBIT</CdtDbtInd><RvslInd>true</RvslInd><Sts>BOOK</Sts><BookgDt><Dt>2020-02-17</Dt></BookgDt><ValDt><Dt>2020-02-14</Dt></ValDt><AcctSvcrRef>3101763375099</AcctSvcrRef><BkTxCd><Domn><Cd>PMNT</Cd><Fmly><Cd>IDDT</Cd><SubFmlyCd>UPDD</SubFmlyCd></Fmly></Domn><Prtry><Cd>01315</Cd><Issr>ING Group</Issr></Prtry></BkTxCd><NtryDtls><TxDtls><Refs><PmtInfId>CCNL-lidmaatschap-2020-2021</PmtInfId><EndToEndId>lid 4224</EndToEndId><MndtId>JAARLIJKS-CCNL-4224</MndtId></Refs><RltdPties><Cdtr><Nm>Ana Schotten</Nm><Id><OrgId><Othr><Id>NL65ZZZ403419230000</Id><SchmeNm><Cd>SEPA</Cd></SchmeNm></Othr></OrgId></Id></Cdtr><CdtrAcct><Id><IBAN>NL10SNSB0878289291</IBAN></Id><Tp><Prtry>General</Prtry></Tp><Ccy>EUR</Ccy></CdtrAcct></RltdPties><RltdAgts><CdtrAgt><FinInstnId><BIC>SNSBNL2A</BIC></FinInstnId></CdtrAgt></RltdAgts><RmtInf><Ustrd>lidmaatschap 2020-2021</Ustrd></RmtInf><RltdDts><TxDtTm>2020-02-17T09:34:13</TxDtTm></RltdDts><RtrInf><Rsn><Cd>MD06</Cd></Rsn></RtrInf></TxDtls></NtryDtls></Ntry><Ntry><NtryRef>032020048583582050000000001</NtryRef><Amt Ccy="EUR">27.50</Amt><CdtDbtInd>DBIT</CdtDbtInd><RvslInd>true</RvslInd><Sts>BOOK</Sts><BookgDt><Dt>2020-02-17</Dt></BookgDt><ValDt><Dt>2020-02-14</Dt></ValDt><AcctSvcrRef>3101763375099</AcctSvcrRef><BkTxCd><Domn><Cd>PMNT</Cd><Fmly><Cd>IDDT</Cd><SubFmlyCd>UPDD</SubFmlyCd></Fmly></Domn><Prtry><Cd>01215</Cd><Issr>ING Group</Issr></Prtry></BkTxCd><NtryDtls><TxDtls><Refs><PmtInfId>CCNL-lidmaatschap-2020-2021</PmtInfId><EndToEndId>lid 4572</EndToEndId><MndtId>JAARLIJKS-CCNL-4572</MndtId></Refs><RltdPties><Cdtr><Nm>M. Bakker</Nm><Id><OrgId><Othr><Id>NL65ZZZ403419230000</Id><SchmeNm><Cd>SEPA</Cd></SchmeNm></Othr></OrgId></Id></Cdtr><CdtrAcct><Id><IBAN>NL73RABO0323954685</IBAN></Id><Tp><Prtry>General</Prtry></Tp><Ccy>EUR</Ccy></CdtrAcct></RltdPties><RltdAgts><CdtrAgt><FinInstnId><BIC>RABONL2U</BIC></FinInstnId></CdtrAgt></RltdAgts><RmtInf><Ustrd>lidmaatschap 2020-2021</Ustrd></RmtInf><RltdDts><TxDtTm>2020-02-17T09:34:14</TxDtTm></RltdDts><RtrInf><Rsn><Cd>SL01</Cd></Rsn></RtrInf></TxDtls></NtryDtls></Ntry><Ntry><NtryRef>032020048583582045000000001</NtryRef><Amt Ccy="EUR">27.50</Amt><CdtDbtInd>DBIT</CdtDbtInd><RvslInd>true</RvslInd><Sts>BOOK</Sts><BookgDt><Dt>2020-02-17</Dt></BookgDt><ValDt><Dt>2020-02-14</Dt></ValDt><AcctSvcrRef>3101763375099</AcctSvcrRef><BkTxCd><Domn><Cd>PMNT</Cd><Fmly><Cd>IDDT</Cd><SubFmlyCd>UPDD</SubFmlyCd></Fmly></Domn><Prtry><Cd>01315</Cd><Issr>ING Group</Issr></Prtry></BkTxCd><NtryDtls><TxDtls><Refs><PmtInfId>CCNL-lidmaatschap-2020-2021</PmtInfId><EndToEndId>lid 4665</EndToEndId><MndtId>JAARLIJKS-CCNL-4665</MndtId></Refs><RltdPties><Cdtr><Nm>Rene Michel Elfers</Nm><Id><OrgId><Othr><Id>NL65ZZZ403419230000</Id><SchmeNm><Cd>SEPA</Cd></SchmeNm></Othr></OrgId></Id></Cdtr><CdtrAcct><Id><IBAN>NL82ABNA0560129076</IBAN></Id><Tp><Prtry>General</Prtry></Tp><Ccy>EUR</Ccy></CdtrAcct></RltdPties><RltdAgts><CdtrAgt><FinInstnId><BIC>ABNANL2A</BIC></FinInstnId></CdtrAgt></RltdAgts><RmtInf><Ustrd>lidmaatschap 2020-2021</Ustrd></RmtInf><RltdDts><TxDtTm>2020-02-17T09:34:14</TxDtTm></RltdDts><RtrInf><Rsn><Cd>MD06</Cd></Rsn></RtrInf></TxDtls></NtryDtls></Ntry><Ntry><NtryRef>032020048166871470000000001</NtryRef><Amt Ccy="EUR">16500.00</Amt><CdtDbtInd>DBIT</CdtDbtInd><Sts>BOOK</Sts><BookgDt><Dt>2020-02-17</Dt></BookgDt><ValDt><Dt>2020-02-17</Dt></ValDt><AcctSvcrRef>ac2453250d3044f9affc06a9fcfc746c</AcctSvcrRef><BkTxCd><Domn><Cd>PMNT</Cd><Fmly><Cd>ICDT</Cd><SubFmlyCd>BOOK</SubFmlyCd></Fmly></Domn><Prtry><Cd>00370</Cd><Issr>ING Group</Issr></Prtry></BkTxCd><NtryDtls><TxDtls><RltdPties><Cdtr><Nm>CITROEN CLUB NEDERLAND</Nm></Cdtr><CdtrAcct><Id><Othr><Id>4160835</Id><SchmeNm><Prtry>PrtryAcct</Prtry></SchmeNm></Othr></Id><Tp><Prtry>Vermogen Spaarrekening</Prtry></Tp><Ccy>EUR</Ccy></CdtrAcct></RltdPties><RltdAgts><CdtrAgt><FinInstnId><BIC>INGBNL2A</BIC></FinInstnId></CdtrAgt></RltdAgts></TxDtls></NtryDtls></Ntry><Ntry><NtryRef>032020048116871432000000001</NtryRef><Amt Ccy="EUR">400.00</Amt><CdtDbtInd>DBIT</CdtDbtInd><Sts>BOOK</Sts><BookgDt><Dt>2020-02-17</Dt></BookgDt><ValDt><Dt>2020-02-17</Dt></ValDt><AcctSvcrRef>85978106ba0042f9a85466e542b0d67c</AcctSvcrRef><BkTxCd><Domn><Cd>PMNT</Cd><Fmly><Cd>IRCT</Cd><SubFmlyCd>ESCT</SubFmlyCd></Fmly></Domn><Prtry><Cd>00112</Cd><Issr>ING Group</Issr></Prtry></BkTxCd><NtryDtls><TxDtls><RltdPties><Cdtr><Nm>Ron Vlieger</Nm></Cdtr><CdtrAcct><Id><IBAN>NL90RABO0366365495</IBAN></Id><Tp><Prtry>General</Prtry></Tp><Ccy>EUR</Ccy></CdtrAcct></RltdPties><RltdAgts><CdtrAgt><FinInstnId><BIC>RABONL2U</BIC></FinInstnId></CdtrAgt></RltdAgts><RmtInf><Ustrd>voorschot kosten citroexpo en waggel</Ustrd></RmtInf><RltdDts><TxDtTm>2020-02-17T19:05:13.687+01:00</TxDtTm></RltdDts></TxDtls></NtryDtls></Ntry><Ntry><NtryRef>032020050392853291000000001</NtryRef><Amt Ccy="EUR">27.50</Amt><CdtDbtInd>DBIT</CdtDbtInd><RvslInd>true</RvslInd><Sts>BOOK</Sts><BookgDt><Dt>2020-02-19</Dt></BookgDt><ValDt><Dt>2020-02-14</Dt></ValDt><AcctSvcrRef>3101963459488</AcctSvcrRef><BkTxCd><Domn><Cd>PMNT</Cd><Fmly><Cd>IDDT</Cd><SubFmlyCd>UPDD</SubFmlyCd></Fmly></Domn><Prtry><Cd>01215</Cd><Issr>ING Group</Issr></Prtry></BkTxCd><NtryDtls><TxDtls><Refs><PmtInfId>CCNL-lidmaatschap-2020-2021</PmtInfId><EndToEndId>lid 1601</EndToEndId><MndtId>JAARLIJKS-CCNL-1601</MndtId></Refs><RltdPties><Cdtr><Nm>R.S. Kind</Nm><Id><OrgId><Othr><Id>NL65ZZZ403419230000</Id><SchmeNm><Cd>SEPA</Cd></SchmeNm></Othr></OrgId></Id></Cdtr><CdtrAcct><Id><IBAN>NL25INGB0003164098</IBAN></Id><Tp><Prtry>General</Prtry></Tp><Ccy>EUR</Ccy></CdtrAcct></RltdPties><RltdAgts><CdtrAgt><FinInstnId><BIC>INGBNL2A</BIC></FinInstnId></CdtrAgt></RltdAgts><RmtInf><Ustrd>lidmaatschap 2020-2021</Ustrd></RmtInf><RltdDts><TxDtTm>2020-02-19T07:27:10</TxDtTm></RltdDts><RtrInf><Rsn><Cd>AM04</Cd></Rsn></RtrInf></TxDtls></NtryDtls></Ntry><Ntry><NtryRef>032020050547327006000000002</NtryRef><Amt Ccy="EUR">30.00</Amt><CdtDbtInd>CRDT</CdtDbtInd><Sts>BOOK</Sts><BookgDt><Dt>2020-02-19</Dt></BookgDt><ValDt><Dt>2020-02-19</Dt></ValDt><AcctSvcrRef>1e1feddc00063d97950e7c66fb05eb2e</AcctSvcrRef><BkTxCd><Domn><Cd>PMNT</Cd><Fmly><Cd>RRCT</Cd><SubFmlyCd>ESCT</SubFmlyCd></Fmly></Domn><Prtry><Cd>00112</Cd><Issr>ING Group</Issr></Prtry></BkTxCd><NtryDtls><TxDtls><RltdPties><Dbtr><Nm>Hr R A Berg</Nm></Dbtr><DbtrAcct><Id><IBAN>NL98INGB0006001780</IBAN></Id><Tp><Prtry>General</Prtry></Tp><Ccy>EUR</Ccy></DbtrAcct></RltdPties><RltdAgts><DbtrAgt><FinInstnId><BIC>INGBNL2A</BIC></FinInstnId></DbtrAgt></RltdAgts><RmtInf><Ustrd>Lidmaatschap van R.a.Berg. Rietvoornsloot 49 2724 Ck Zoetermeer. Lidmaatschap nummer 246</Ustrd></RmtInf><RltdDts><TxDtTm>2020-02-19T20:21:10.07+01:00</TxDtTm></RltdDts></TxDtls></NtryDtls></Ntry><Ntry><NtryRef>032020052463610389000000001</NtryRef><Amt Ccy="EUR">27.50</Amt><CdtDbtInd>DBIT</CdtDbtInd><RvslInd>true</RvslInd><Sts>BOOK</Sts><BookgDt><Dt>2020-02-21</Dt></BookgDt><ValDt><Dt>2020-02-14</Dt></ValDt><AcctSvcrRef>3102163578440</AcctSvcrRef><BkTxCd><Domn><Cd>PMNT</Cd><Fmly><Cd>IDDT</Cd><SubFmlyCd>UPDD</SubFmlyCd></Fmly></Domn><Prtry><Cd>01215</Cd><Issr>ING Group</Issr></Prtry></BkTxCd><NtryDtls><TxDtls><Refs><PmtInfId>CCNL-lidmaatschap-2020-2021</PmtInfId><EndToEndId>lid 283</EndToEndId><MndtId>JAARLIJKS-CCNL-283</MndtId></Refs><RltdPties><Cdtr><Nm>D. vd Zee</Nm><Id><OrgId><Othr><Id>NL65ZZZ403419230000</Id><SchmeNm><Cd>SEPA</Cd></SchmeNm></Othr></OrgId></Id></Cdtr><CdtrAcct><Id><IBAN>NL33RABO0312083963</IBAN></Id><Tp><Prtry>General</Prtry></Tp><Ccy>EUR</Ccy></CdtrAcct></RltdPties><RltdAgts><CdtrAgt><FinInstnId><BIC>RABONL2U</BIC></FinInstnId></CdtrAgt></RltdAgts><RmtInf><Ustrd>lidmaatschap 2020-2021</Ustrd></RmtInf><RltdDts><TxDtTm>2020-02-21T09:31:05</TxDtTm></RltdDts><RtrInf><Rsn><Cd>AM04</Cd></Rsn></RtrInf></TxDtls></NtryDtls></Ntry><Ntry><NtryRef>032020055621951798000000002</NtryRef><Amt Ccy="EUR">30.00</Amt><CdtDbtInd>CRDT</CdtDbtInd><Sts>BOOK</Sts><BookgDt><Dt>2020-02-24</Dt></BookgDt><ValDt><Dt>2020-02-24</Dt></ValDt><AcctSvcrRef>6aeeb74dfcac49f7bbf2f14822828439</AcctSvcrRef><BkTxCd><Domn><Cd>PMNT</Cd><Fmly><Cd>RCDT</Cd><SubFmlyCd>ESCT</SubFmlyCd></Fmly></Domn><Prtry><Cd>00100</Cd><Issr>ING Group</Issr></Prtry></BkTxCd><NtryDtls><TxDtls><RltdPties><Dbtr><Nm>Hr A J Bleyie en/of Mw M C Bleyie-de Nas</Nm></Dbtr><DbtrAcct><Id><IBAN>NL32INGB0003818043</IBAN></Id><Tp><Prtry>General</Prtry></Tp><Ccy>EUR</Ccy></DbtrAcct></RltdPties><RltdAgts><DbtrAgt><FinInstnId><BIC>INGBNL2A</BIC></FinInstnId></DbtrAgt></RltdAgts><RmtInf><Ustrd>lid nr.: 3251</Ustrd></RmtInf></TxDtls></NtryDtls></Ntry><Ntry><NtryRef>032020056444589041000000002</NtryRef><Amt Ccy="EUR">27.50</Amt><CdtDbtInd>CRDT</CdtDbtInd><Sts>BOOK</Sts><BookgDt><Dt>2020-02-25</Dt></BookgDt><ValDt><Dt>2020-02-25</Dt></ValDt><AcctSvcrRef>c7361c82d4cc3833a583d3680142c9b5</AcctSvcrRef><BkTxCd><Domn><Cd>PMNT</Cd><Fmly><Cd>RRCT</Cd><SubFmlyCd>ESCT</SubFmlyCd></Fmly></Domn><Prtry><Cd>00112</Cd><Issr>ING Group</Issr></Prtry></BkTxCd><NtryDtls><TxDtls><RltdPties><Dbtr><Nm>F. Tiedema eo W.C. Kind</Nm></Dbtr><DbtrAcct><Id><IBAN>NL07RABO0104403551</IBAN></Id><Tp><Prtry>General</Prtry></Tp><Ccy>EUR</Ccy></DbtrAcct></RltdPties><RltdAgts><DbtrAgt><FinInstnId><BIC>RABONL2U</BIC></FinInstnId></DbtrAgt></RltdAgts><RmtInf><Ustrd>Lidmaatschap 2020-2021. Lid 2030</Ustrd></RmtInf><RltdDts><TxDtTm>2020-02-25T12:44:50.426+01:00</TxDtTm></RltdDts></TxDtls></NtryDtls></Ntry><Ntry><NtryRef>032020057580574425000000001</NtryRef><Amt Ccy="EUR">10.42</Amt><CdtDbtInd>DBIT</CdtDbtInd><Sts>BOOK</Sts><BookgDt><Dt>2020-02-26</Dt></BookgDt><ValDt><Dt>2020-02-26</Dt></ValDt><AcctSvcrRef>20200226-0413323866</AcctSvcrRef><BkTxCd><Domn><Cd>PMNT</Cd><Fmly><Cd>MDOP</Cd><SubFmlyCd>CHRG</SubFmlyCd></Fmly></Domn><Prtry><Cd>09001</Cd><Issr>ING Group</Issr></Prtry></BkTxCd><NtryDtls><TxDtls><RmtInf><Ustrd>Kosten Zakelijk Betalingsverkeer Factuurnr. 1477048468 Betreft IBAN: NL97INGB0004160835 Periode: 01-01-2020 / 31-01-2020</Ustrd></RmtInf><RltdDts><TxDtTm>2020-02-26T00:13:53</TxDtTm></RltdDts></TxDtls></NtryDtls></Ntry><Ntry><NtryRef>032020057516004220000000001</NtryRef><Amt Ccy="EUR">27.50</Amt><CdtDbtInd>DBIT</CdtDbtInd><RvslInd>true</RvslInd><Sts>BOOK</Sts><BookgDt><Dt>2020-02-26</Dt></BookgDt><ValDt><Dt>2020-02-14</Dt></ValDt><AcctSvcrRef>3102663747001</AcctSvcrRef><BkTxCd><Domn><Cd>PMNT</Cd><Fmly><Cd>IDDT</Cd><SubFmlyCd>UPDD</SubFmlyCd></Fmly></Domn><Prtry><Cd>01315</Cd><Issr>ING Group</Issr></Prtry></BkTxCd><NtryDtls><TxDtls><Refs><PmtInfId>CCNL-lidmaatschap-2020-2021</PmtInfId><EndToEndId>lid 1751</EndToEndId><MndtId>JAARLIJKS-CCNL-1751</MndtId></Refs><RltdPties><Cdtr><Nm>A.J. Jansen</Nm><Id><OrgId><Othr><Id>NL65ZZZ403419230000</Id><SchmeNm><Cd>SEPA</Cd></SchmeNm></Othr></OrgId></Id></Cdtr><CdtrAcct><Id><IBAN>NL22INGB0002849290</IBAN></Id><Tp><Prtry>General</Prtry></Tp><Ccy>EUR</Ccy></CdtrAcct></RltdPties><RltdAgts><CdtrAgt><FinInstnId><BIC>INGBNL2A</BIC></FinInstnId></CdtrAgt></RltdAgts><RmtInf><Ustrd>lidmaatschap 2020-2021</Ustrd></RmtInf><RltdDts><TxDtTm>2020-02-26T16:13:04</TxDtTm></RltdDts><RtrInf><Rsn><Cd>MD06</Cd></Rsn></RtrInf></TxDtls></NtryDtls></Ntry><Ntry><NtryRef>032020058531739632000000001</NtryRef><Amt Ccy="EUR">26.54</Amt><CdtDbtInd>DBIT</CdtDbtInd><Sts>BOOK</Sts><BookgDt><Dt>2020-02-27</Dt></BookgDt><ValDt><Dt>2020-02-27</Dt></ValDt><AcctSvcrRef>DOMREC12448347SEQ003065DAT20200226</AcctSvcrRef><BkTxCd><Domn><Cd>PMNT</Cd><Fmly><Cd>RDDT</Cd><SubFmlyCd>ESDD</SubFmlyCd></Fmly></Domn><Prtry><Cd>01018</Cd><Issr>ING Group</Issr></Prtry></BkTxCd><NtryDtls><TxDtls><Refs><EndToEndId>Incoming-8220237</EndToEndId><MndtId>INTRA-524903-4931091-100028</MndtId></Refs><RltdPties><Cdtr><Nm>Intrasurance B.V.</Nm><Id><OrgId><Othr><Id>NL61ZZZ171406950000</Id><SchmeNm><Cd>SEPA</Cd></SchmeNm></Othr></OrgId></Id></Cdtr><CdtrAcct><Id><IBAN>NL02RABO0347100163</IBAN></Id><Tp><Prtry>General</Prtry></Tp><Ccy>EUR</Ccy></CdtrAcct></RltdPties><RltdAgts><CdtrAgt><FinInstnId><BIC>RABONL2U</BIC></FinInstnId></CdtrAgt></RltdAgts><RmtInf><Ustrd>Premie Intrasurance B.V. Klantnr 2517186 Zie factuur 8237623</Ustrd></RmtInf><RltdDts><TxDtTm>2020-02-27T02:29:28</TxDtTm></RltdDts></TxDtls></NtryDtls></Ntry><Ntry><NtryRef>032020058485445329000000002</NtryRef><Amt Ccy="EUR">250.00</Amt><CdtDbtInd>CRDT</CdtDbtInd><Sts>BOOK</Sts><BookgDt><Dt>2020-02-27</Dt></BookgDt><ValDt><Dt>2020-02-27</Dt></ValDt><AcctSvcrRef>1fd414a6965a4cbea144a915d1f66441</AcctSvcrRef><BkTxCd><Domn><Cd>PMNT</Cd><Fmly><Cd>RCDT</Cd><SubFmlyCd>ESCT</SubFmlyCd></Fmly></Domn><Prtry><Cd>00100</Cd><Issr>ING Group</Issr></Prtry></BkTxCd><NtryDtls><TxDtls><Refs><EndToEndId>Sponsoring Waggelmeeting</EndToEndId></Refs><RltdPties><Dbtr><Nm>ASSA ABLOY Entrance Systems</Nm></Dbtr><DbtrAcct><Id><IBAN>NL47INGB0692688978</IBAN></Id><Tp><Prtry>General</Prtry></Tp><Ccy>EUR</Ccy></DbtrAcct></RltdPties><RltdAgts><DbtrAgt><FinInstnId><BIC>INGBNL2A</BIC></FinInstnId></DbtrAgt></RltdAgts><RmtInf><Ustrd>Sponsoring Waggelmeeting 2020</Ustrd></RmtInf></TxDtls></NtryDtls></Ntry><Ntry><NtryRef>032020061524687197000000002</NtryRef><Amt Ccy="EUR">30.00</Amt><CdtDbtInd>CRDT</CdtDbtInd><Sts>BOOK</Sts><BookgDt><Dt>2020-03-01</Dt></BookgDt><ValDt><Dt>2020-03-01</Dt></ValDt><AcctSvcrRef>b863bd232c1a342e893a46bcd3bab6ab</AcctSvcrRef><BkTxCd><Domn><Cd>PMNT</Cd><Fmly><Cd>RRCT</Cd><SubFmlyCd>ESCT</SubFmlyCd></Fmly></Domn><Prtry><Cd>00112</Cd><Issr>ING Group</Issr></Prtry></BkTxCd><NtryDtls><TxDtls><RltdPties><Dbtr><Nm>A H M VAN HEES CJ</Nm></Dbtr><DbtrAcct><Id><IBAN>NL69ABNA0551811366</IBAN></Id><Tp><Prtry>General</Prtry></Tp><Ccy>EUR</Ccy></DbtrAcct></RltdPties><RltdAgts><DbtrAgt><FinInstnId><BIC>ABNANL2A</BIC></FinInstnId></DbtrAgt></RltdAgts><RmtInf><Ustrd>lidnr.3265 contr. 2020</Ustrd></RmtInf><RltdDts><TxDtTm>2020-03-01T13:01:11.466+01:00</TxDtTm></RltdDts></TxDtls></NtryDtls></Ntry><Ntry><NtryRef>032020061048297384000000002</NtryRef><Amt Ccy="EUR">30.00</Amt><CdtDbtInd>CRDT</CdtDbtInd><Sts>BOOK</Sts><BookgDt><Dt>2020-03-01</Dt></BookgDt><ValDt><Dt>2020-03-01</Dt></ValDt><AcctSvcrRef>5f11d122aed935a7b975803aae915ef7</AcctSvcrRef><BkTxCd><Domn><Cd>PMNT</Cd><Fmly><Cd>RRCT</Cd><SubFmlyCd>ESCT</SubFmlyCd></Fmly></Domn><Prtry><Cd>00112</Cd><Issr>ING Group</Issr></Prtry></BkTxCd><NtryDtls><TxDtls><RltdPties><Dbtr><Nm>R P NIJENHUIS</Nm></Dbtr><DbtrAcct><Id><IBAN>NL73ABNA0438750810</IBAN></Id><Tp><Prtry>General</Prtry></Tp><Ccy>EUR</Ccy></DbtrAcct></RltdPties><RltdAgts><DbtrAgt><FinInstnId><BIC>ABNANL2A</BIC></FinInstnId></DbtrAgt></RltdAgts><RmtInf><Ustrd>contributie lidnr. 2204</Ustrd></RmtInf><RltdDts><TxDtTm>2020-03-01T23:02:52.971+01:00</TxDtTm></RltdDts></TxDtls></NtryDtls></Ntry></Stmt></BkToCstmrStmt></Document>